% Encoding: UTF-8

@article{timany2019mechanized,
  title={Mechanized relational verification of concurrent programs with continuations},
  author={Timany, Amin and Birkedal, Lars},
  journal={Proceedings of the ACM on Programming Languages},
  volume={3},
  number={ICFP},
  pages={1--28},
  year={2019},
  publisher={ACM New York, NY, USA}
}

@article{cook1978soundness,
  title={Soundness and completeness of an axiom system for program verification},
  author={Cook, Stephen A},
  journal={SIAM Journal on Computing},
  volume={7},
  number={1},
  pages={70--90},
  year={1978},
  publisher={SIAM}
}

@article{clarke1984characterization,
  title={The characterization problem for Hoare logics},
  author={Clarke, Jr, EM},
  journal={Philosophical Transactions of the Royal Society of London. Series A, Mathematical and Physical Sciences},
  volume={312},
  number={1522},
  pages={423--440},
  year={1984},
  publisher={The Royal Society London}
}

@article{kozen2001completeness,
  title={On the completeness of propositional Hoare logic},
  author={Kozen, Dexter and Tiuryn, Jerzy},
  journal={Information Sciences},
  volume={139},
  number={3-4},
  pages={187--195},
  year={2001},
  publisher={Elsevier}
}

@inproceedings{CF-CakeML,
  title={{Verified characteristic formulae for CakeML}},
  author={Gu{\'e}neau, Arma{\"e}l and Myreen, Magnus O and Kumar, Ramana and Norrish, Michael},
  booktitle={European Symposium on Programming},
  pages={584--610},
  year={2017},
  organization={Springer}
}

@inproceedings{VST-Floyd,
author = {Cao, Qinxiang and Beringer, Lennart and Gruetter, Samuel and Dodds, Josiah and W. Appel, Andrew},
year = {2018},
month = {February},
pages = {},
title = {{VST-Floyd}: A Separation Logic Tool to Verify Correctness of {C} Programs},
booktitle = {Journal of Automated Reasoning}
}

@inproceedings{VST,
  author    = {Andrew W. Appel},
  title     = {Verified Software Toolchain},
  booktitle = {{NASA} Formal Methods},
  pages     = {2},
  year      = {2012},
  url       = {https://doi.org/10.1007/978-3-642-28891-3_2},
  doi       = {10.1007/978-3-642-28891-3_2},
  timestamp = {Thu, 25 May 2017 00:40:09 +0200},
  biburl    = {https://dblp.org/rec/bib/conf/nfm/Appel12},
  bibsource = {dblp computer science bibliography, https://dblp.org}
}

@inproceedings{DBLP:conf/tphol/WildmoserN04,
  author    = {Martin Wildmoser and
               Tobias Nipkow},
  title     = {Certifying Machine Code Safety: Shallow Versus Deep Embedding},
  booktitle = {Theorem Proving in Higher Order Logics, 17th International Conference,
               TPHOLs 2004, Park City, Utah, USA, September 14-17, 2004, Proceedings},
  pages     = {305--320},
  year      = {2004},
  url       = {https://doi.org/10.1007/978-3-540-30142-4\_22},
  doi       = {10.1007/978-3-540-30142-4\_22},
  timestamp = {Tue, 14 May 2019 10:00:48 +0200},
  biburl    = {https://dblp.org/rec/bib/conf/tphol/WildmoserN04},
  bibsource = {dblp computer science bibliography, https://dblp.org}
}

@inproceedings{chargueraud2010program,
  title={Program verification through characteristic formulae},
  author={Chargu{\'e}raud, Arthur},
  booktitle={Proceedings of the 15th ACM SIGPLAN International Conference on Functional programming},
  pages={321--332},
  year={2010}
}

@book{nipkow2002isabelle,
  title={Isabelle/HOL: a proof assistant for higher-order logic},
  author={Nipkow, Tobias and Paulson, Lawrence C and Wenzel, Markus},
  volume={2283},
  year={2002},
  publisher={Springer Science \& Business Media}
}

@book{paulson1994isabelle,
  title={Isabelle: A generic theorem prover},
  author={Paulson, Lawrence C},
  volume={828},
  year={1994},
  publisher={Springer Science \& Business Media}
}

@article{jung2017iris,
  title={Iris from the ground up},
  author={Jung, Ralf and Krebbers, Robbert and Jourdan, Jacques-Henri and Bizjak, Ale{\v{s}} and Birkedal, Lars and Dreyer, Derek},
  journal={Submitted to JFP},
  year={2017}
}

@inproceedings{gu2011certikos,
  title={CertiKOS: A certified kernel for secure cloud computing},
  author={Gu, Liang and Vaynberg, Alexander and Ford, Bryan and Shao, Zhong and Costanzo, David},
  booktitle={Proceedings of the Second Asia-Pacific Workshop on Systems},
  pages={1--5},
  year={2011}
}

@article{timany2019mechanized,
  title={Mechanized relational verification of concurrent programs with continuations},
  author={Timany, Amin and Birkedal, Lars},
  journal={Proceedings of the ACM on Programming Languages},
  volume={3},
  number={ICFP},
  pages={1--28},
  year={2019},
  publisher={ACM New York, NY, USA}
}

@article{jung2017rustbelt,
  title={RustBelt: Securing the foundations of the Rust programming language},
  author={Jung, Ralf and Jourdan, Jacques-Henri and Krebbers, Robbert and Dreyer, Derek},
  journal={Proceedings of the ACM on Programming Languages},
  volume={2},
  number={POPL},
  pages={1--34},
  year={2017},
  publisher={ACM New York, NY, USA}
}

@TechReport(COQ,
	Author="Bruno Barras and others",
	Title="The {Coq Proof Assistant} Reference Manual",
	Institution="{INRIA}",
	Year=1998)

@TechReport(COQ-all,
	Author="Bruno Barras and Samuel Boutin and Cristina Cornes and
		Judica{\"e}l Courant and Yann Coscoy and
		David Delahaye and Daniel de Rauglaudre and
		Jean-Christophe Filli{\^a}tre and
		Eduardo Gim{\'e}nez and	Hugo Herbelin and
		G{\'e}rard Huet and Henri Laulh{\`e}re and
		C{\'e}sar Mu{\~n}oz and Chetan Murthy and Catherine
		Parent-Vigouroux and Patrick Loiseleur and
		Christine Paulin-Mohring and
		Amokrane Sa{\"\i}bi and Benjamin Werner",
	Title="The {Coq Proof Assistant} Reference Manual",
	Institution="{INRIA}",
	Year=1998)

@article{o2009separation,
  title={Separation and information hiding},
  author={O'Hearn, Peter W and Yang, Hongseok and Reynolds, John C},
  journal={ACM Transactions on Programming Languages and Systems (TOPLAS)},
  volume={31},
  number={3},
  pages={1--50},
  year={2009},
  publisher={ACM New York, NY, USA}
}

% xcap
@inproceedings{ni2006certified,
  title={Certified assembly programming with embedded code pointers},
  author={Ni, Zhaozhong and Shao, Zhong},
  booktitle={Conference record of the 33rd ACM SIGPLAN-SIGACT Symposium on Principles of Programming Languages},
  pages={320--333},
  year={2006}
}

% bedrock
@inproceedings{chlipala2011mostly,
  title={Mostly-automated verification of low-level programs in computational separation logic},
  author={Chlipala, Adam},
  booktitle={Proceedings of the 32nd ACM SIGPLAN conference on Programming language design and implementation},
  pages={234--245},
  year={2011}
}

@inproceedings{sanan2017csimpl,
  title={CSimpl: A rely-guarantee-based framework for verifying concurrent programs},
  author={San{\'a}n, David and Zhao, Yongwang and Hou, Zhe and Zhang, Fuyuan and Tiu, Alwen and Liu, Yang},
  booktitle={International Conference on Tools and Algorithms for the Construction and Analysis of Systems},
  pages={481--498},
  year={2017},
  organization={Springer}
}

@article{SF,
  title={Software foundations},
  author={Pierce, Benjamin C and Casinghino, Chris and Gaboardi, Marco and Greenberg, Michael and Hri{\c{t}}cu, C{\u{a}}t{\u{a}}lin and Sj{\"o}berg, Vilhelm and Yorgey, Brent},
  journal={Webpage: http://www. cis. upenn. edu/bcpierce/sf/current/index. html},
  year={2010}
}

@inproceedings{DBLP:conf/concur/Brookes04,
  author    = {Stephen D. Brookes},
  title     = {A Semantics for Concurrent Separation Logic},
  booktitle = {{CONCUR} 2004 - Concurrency Theory, 15th International Conference,
               London, UK, August 31 - September 3, 2004, Proceedings},
  pages     = {16--34},
  year      = {2004},
  url       = {http://dx.doi.org/10.1007/978-3-540-28644-8_2},
  doi       = {10.1007/978-3-540-28644-8_2},
  timestamp = {Wed, 30 Mar 2011 12:28:22 +0200},
  biburl    = {http://dblp.uni-trier.de/rec/bib/conf/concur/Brookes04},
  bibsource = {dblp computer science bibliography, http://dblp.org}
}


@inproceedings{FCSL-mechanized,
  title={Mechanized verification of fine-grained concurrent programs},
  author={Sergey, Ilya and Nanevski, Aleksandar and Banerjee, Anindya},
  booktitle={ACM SIGPLAN Notices},
  volume={50},
  number={6},
  pages={77--87},
  year={2015},
  organization={ACM}
}

@inproceedings{chlipala2008parametric,
  title={Parametric higher-order abstract syntax for mechanized semantics},
  author={Chlipala, Adam},
  booktitle={ACM Sigplan Notices},
  volume={43},
  number={9},
  pages={143--156},
  year={2008},
  organization={ACM}
}

@inproceedings{chargueraud2011characteristic,
  title={Characteristic formulae for the verification of imperative programs},
  author={Chargu{\'e}raud, Arthur},
  booktitle={Proceedings of the 16th ACM SIGPLAN international conference on Functional programming},
  pages={418--430},
  year={2011}
}

% templates

@InProceedings{Winery,
  author    = {Oliver Kopp and others},
  title     = {{Winery -- A Modeling Tool for {TOSCA}-based Cloud Applications}},
  booktitle = {Proceedings of 11\textsuperscript{th} International Conference on Service-Oriented Computing (ICSOC'13)},
  year      = {2013},
  volume    = {8274},
  series    = {LNCS},
  pages     = {700--704},
  publisher = {Springer Berlin Heidelberg},
  doi       = {10.1007/978-3-642-45005-1_64},
  keywords  = {Cloud Applications; Modeling; TOSCA; Management; Portability},
}

@Article{Binz2009,
  author      = {Tobias Binz and Gerd Breiter and Frank Leymann and Thomas Spatzier},
  title       = {{Portable Cloud Services Using TOSCA}},
  journal     = {IEEE Internet Computing},
  year        = {2012},
  pages       = {80--85},
  volume      = {16},
  number      = {03},
  issn        = {1089-7801},
  doi         = {10.1109/mic.2012.43},
  month       = may,
  publisher   = {IEEE Computer Society},
}

@Manual{mwe,
  author = {Martin Scharrer},
  title  = {The \texttt{mwe} Package},
  year   = {2017},
  url    = {http://texdoc.net/mwe},
}

@Comment{jabref-meta: databaseType:bibtex;}
